@article{Watanabe1991,
	title={Pot{\^e}ncia Ativa e Reativa Instant{\^a}neas em Sistemas El{\'e}tricos com Fontes e Cargas Gen{\'e}ricas},
	author={Watanabe, EH and Stephan, RM},
	journal={Revista da SBA: Controle e Automa{\c{c}}{\~a}o},
	pages={253--263},
	volume={3},
	number={1},
	year={1991},
	publisher={IFAC}
}

@book{Akagi2007,
	title={Instantaneous Power Theory and Applications to Power Conditioning},
	author={Akagi, Hirofumi and Watanabe, Edson Hirokazu and Aredes, Mauricio},
	volume={31},
	year={2007},
	publisher={John Wiley \& Sons}
}

@article{Watanabe2004,
	title={The p-q theory for active filter control: some problems and solutions},
	author={Watanabe, Edson H and Aredes, Maur{\'\i}cio and Akagi, Hirofumi},
	journal={Sba: Controle \& Automa{\c{c}}{\~a}o Sociedade Brasileira de Automatica},
	volume={15},
	number={1},
	pages={78--84},
	year={2004},
	publisher={SciELO Brasil}
}
