@article{Watanabe1991,
	title={Pot{\^e}ncia Ativa e Reativa Instant{\^a}neas em Sistemas El{\'e}tricos com Fontes e Cargas Gen{\'e}ricas},
	author={Watanabe, EH and Stephan, RM},
	journal={Revista da SBA: Controle e Automa{\c{c}}{\~a}o},
	pages={253--263},
	volume={3},
	number={1},
	year={1991},
	publisher={IFAC}
}

@book{Akagi2007,
	title={Instantaneous Power Theory and Applications to Power Conditioning},
	author={Akagi, Hirofumi and Watanabe, Edson Hirokazu and Aredes, Mauricio},
	volume={31},
	year={2007},
	publisher={John Wiley \& Sons}
}

@article{Watanabe2004,
	title={The p-q theory for active filter control: some problems and solutions},
	author={Watanabe, Edson H and Aredes, Maur{\'\i}cio and Akagi, Hirofumi},
	journal={Sba: Controle \& Automa{\c{c}}{\~a}o Sociedade Brasileira de Automatica},
	volume={15},
	number={1},
	pages={78--84},
	year={2004},
	publisher={SciELO Brasil}
}

@article{Afonso2000,
	title={Active filters with control based on the pq theory},
	author={Afonso, Jo{\~a}o L and Couto, Carlos and Martins, J{\'u}lio S},
	journal={IEEE Industrial Electronics Society Newsletter},
	volume={47},
	number={3},
	pages={5--10},
	year={2000},
	publisher={IEEE}
}

@article{Couto2003,
	title={Resultados de Simula{\c{c}}{\~o}es de um Filtro Activo Paralelo com Controlo Baseado na Teoria p-q},
	author={Couto, Em{\'\i}lio F and Martins, J{\'u}lio S and Afonso, Jo{\~a}o L},
	journal={Oitavo Congresso Luso-Espanhol de Engenharia Eletrot\'ecnica},
	year={2003},
	pages={4159--4164},
	publisher={APDEE. Associa{\c{c}}{\~a}o Portuguesa para a Promo{\c{c}}{\~a}o e Desenvolvimento da Engenharia Electrot{\'e}cnica}
}

@misc{Boeing2007,
	title={Future Aircraft Power Systems - Integration Challenges},
	author={Kamiar J. Karimi},
	publisher={The Boeing Company},
	year={2007}
}

@inproceedings{Abdelhafez2009,
	title={A Review of More-Electric Aircraft},
	author={Abdel-Hafez, A and Forsyth, A},
	booktitle={13th International Conference on Aerospace Science \& Aviation Technology (ASAT-13)},
	publisher={Military Technical College},
	address={Cairo},
	year={2009}
}

@book{Abdel2012,
	title={Recent Advances in Aircraft Technology},
	author={Abdel-Hafez, Ahmed},
	note={cap. Power Generation and Distribution System for a More Electric Aircraft-A Review},
	year={2012},
	address={Ar\'abia Saudita},
	publisher={INTECH}
}

@inproceedings{Moir1999,
	title={More-Electric Aircraft-System Considerations},
	author={Moir, Ian},
	booktitle={IEE Colloquium on Electrical Machines and Systems for the More Electric Aircraft},
	year={1999},
	address={Londres},
	publisher={IET}
}

@misc{Frost2008,
	title={Aircraft Electrical Power Systems - Charged with Opportunities},
	author={Balaji Srimoolanathan},
	url={https://www.frost.com/sublib/display-market-insight.do?id=150507057},
	year={2008},
	note={Acessado em 29/03/2015}
}

@article{Rajashekara2014,
	title={More Electric Aircraft Trends},
	author={Kaushik Rajashekara},
	journal={IEEE Electrification Magazine},
	year={2014},
	volume={2}
}

@article{Babikian2002,
	title={The historical fuel efficiency characteristics of regional aircraft from technological, operational, and cost perspectives},
	author={Babikian, Raffi and Lukachko, Stephen P and Waitz, Ian A},
	journal={Journal of Air Transport Management},
	volume={8},
	number={6},
	pages={389--400},
	year={2002},
	publisher={Elsevier}
}

@misc{Pomilio2010,
	title={Avalia{\c{c}}{\~a}o da Qualidade da Energia El{\'e}trica},
	author={Deckmann, Sigmar Maurer and Pomilio, Jos{\'e} Antenor},
	url= {http://www.dsce.fee.unicamp.br/antenor/pdffiles/qualidade/b5.pdf},
	year={2010},
	note={Acessado em 28/05/2015}
}

@article{Wagner1993,
	title={Effects of Harmonics on Equipment},
	author={Wagner, VE and Balda, JC and Griffith, DC and McEachern, A and Barnes, TM and Hartmann, DP and Phileggi, DJ and Emannuel, AE and Horton, WF and Reid, WE and others},
	journal={IEEE Transactions on Power Delivery},
	volume={8},
	number={2},
	pages={672--680},
	year={1993},
	publisher={IEEE}
}

@article{Lobo2005,
	title={Comparative Evaluation of Three-Phase High-Power-Factor AC-DC Coverter Concepts for Application in Future More Electric Aircraft},
	author={Gong, Guanghai and Heldwein, Marcelo Lobo and Drofenik, Uwe and Minib{\"o}ck, Johann and Mino, Kazuaki and Kolar, Johann W},
	journal={IEEE Transactions on Industrial Electronics},
	volume={52},
	number={3},
	pages={727--737},
	year={2005},
	publisher={IEEE}
}

@inproceedings{Gong2003,
	title={12-Pulse Rectifier for More Electric Aircraft Applications},
	author={Gong, G and Drofenik, U and Kolar, JW},
	booktitle={2003 IEEE International Conference on Industrial Technology},
	volume={2},
	pages={1096--1101},
	year={2003},
	address={Maribor},
	organization={IEEE}
}

@misc{AN779,
	title={A Basic Introduction to Filters: Active, Passive, and Switched-Capacitor},
	author={Kerry Lacanette},
	howpublished={National Semiconductor},
	note={AN779},
	year={1991}
}

@inproceedings{Kolar2011,
	title={The Essence of Three-Phase PFC Rectifier Systems},
	author={Kolar, Johann W and Friedli, Thomas},
	booktitle={2011 IEEE 33rd International Telecommunications Energy Conference (INTELEC)},
	pages={1--27},
	year={2011},
	address={Amsterdam},
	organization={IEEE}
}

@article{Singh2008,
	title={Multipulse AC--DC Converters for Improving Power Quality: a Review},
	author={Singh, Bhim and Gairola, Sanjay and Singh, Brij N and Chandra, Ambrish and Al-Haddad, Kamal},
	journal={IEEE Transactions on Power Electronics},
	volume={23},
	number={1},
	pages={260--281},
	year={2008},
	publisher={IEEE}
}

@booklet{Pomilio2009,
	title={Condicionamento de Energia El{\'e}trica e Dispositivos FACTS},
	howpublished={Universidade Estadual de Campinas. Faculdade de Engenharia El\'etrica e de Computa{\c{c}}\~ao},
	author={Pomilio, Jos{\'e} Antenor and Deckmann, Sigmar Maurer},
	address={Campinas},
	year={2009}
}

@book{Afonso2013,
	title={Power Quality Issues},
	chapter={Active Power Conditioners to Mitigate Power Quality Problems in Industrial Facilities},
	author={Afonso, Jo{\~a}o L and Gon{\c{c}}alves, Henrique and Pinto, JG},
	year={2013},
	publisher={INTECH Open Access Publisher}
}

@article{Zhu2014,
	title={Methods of Aircraft Grid Harmonic Reduction: A Review},
	author={Zhu, Shouxi and Ma, W},
	journal={Scholars Journal of Engineering and Technology (SJET)},
	volume={2},
	pages={270--275},
	year={2014}
}

@inproceedings{Barruel2004,
	title={Volumetric optimization of passive filter for power electronics input stage in the more electrical aircraft},
	author={Barruel, F and Schanen, JL and Retiere, N},
	booktitle={2004. PESC 04. 2004 IEEE 35th Annual Power Electronics Specialists Conference},
	volume={1},
	pages={433--438},
	year={2004},
	organization={IEEE}
}

@inproceedings{Chen2012research,
	title={A research on cascade five-level aeronautical active power filter},
	author={Chen, Zhong and Wang, Changyou and Chen, Miao and Li, Jianxia},
	booktitle={2012 7th International Power Electronics and Motion Control Conference (IPEMC)},
	volume={4},
	pages={2732--2737},
	year={2012},
	organization={IEEE}
}

@article{Akagi2006,
	title={Modern Active Filters and Traditional Passive Filters},
	author={Akagi, Hirofumi},
	journal={Bulletin of the Polish Academy of Sciences, Technical Sciences},
	volume={54},
	number={3},
	year={2006}
}

@inproceedings{Chen2012novel,
	title={A novel 400Hz shunt active power filter for aircraft electrical power system},
	author={Chen, Zhong and Chen, Miao},
	booktitle={2012 7th International Power Electronics and Motion Control Conference (IPEMC)},
	volume={4},
	pages={2838--2843},
	year={2012},
	organization={IEEE}
}

@article{Chen2012control,
	title={Control and performance of a cascaded shunt active power filter for aircraft electric power system},
	author={Chen, Zhong and Luo, Yingpeng and Chen, Miao},
	journal={IEEE Transactions on Industrial electronics},
	volume={59},
	number={9},
	pages={3614--3623},
	year={2012},
	publisher={IEEE}
}

@article{Pranathi2013,
	title={A Novel Approach of Cascaded Shunt Active Power Filter Aircraft Power System Application},
	author={Pranathi Chintharedi and Ch. Srinivas M.E},
	jourrnal={Global Journal of Advanced Engineering Technologies},
	volume={2},
	number={3},
	pages={160--165},
	year={2013}
}

@article{Karatzaferis2013,
	title={Comparison and Evaluation of Power Factor Correction Topologies for Industrial Applications},
	author={Karatzaferis, John and Papanikolaou, Nick and Tatakis, Emmanuel and Loupis, Michael and Spanoudakis, John},
	journal={Energy and Power Engineering},
	volume={5},
	number={6},
	year={2013},
	publisher={Scientific Research Publishing}
}

@article{Singer2012,
	title={Aircraft Electrical Power Systems and Nonlinear Dynamic Loads},
	author={Charles Singer and Corinne M. Guernsey and Jason Gousy and John DeWitte Cottingham III and John Frerichs},
	journal={SAE International Journal of Aerospace},
	publisher={SAE International},
	volume={5},
	number={2},
	pages={447-454},
	doi={10.4271/2012-01-2182},
	year={2012}
}

@article{Peng1996,
	title={Generalized Instantaneous Reactive Power Theory for Three-Phase Power Systems},
	author={Peng, Fang Zheng and Lai, Jih-Sheng},
	journal={IEEE Transactions on Instrumentation and Measurement},
	volume={45},
	number={1},
	pages={293--297},
	year={1996},
	publisher={IEEE}
}

@article{Akagi1984,
	title={Instantaneous Reactive Power Compensators Comprising Switching Devices Without Energy Storage Components},
	author={Akagi, Hirofumi and Kanazawa, Yoshihira and Nabae, Akira},
	journal={IEEE Transactions on industry applications},
	number={3},
	pages={625--630},
	year={1984},
	publisher={IEEE}
}

@inproceedings{Avery,
	title={Electrical Generation and Distribution for the More Electric Aircraft},
	author={Avery, CR and Burrow, SG and Mellor, PH},
	booktitle={Universities Power Engineering Conference, 2007. UPEC 2007. 42nd International},
	pages={1007--1012},
	year={2007},
	publisher={IEEE}
}

@inproceedings{Zhao2014,
	title={Review of Aircraft Electric Power Systems and Architectures},
	author={Zhao, Xin and Guerrero, Josep M and Wu, Xiaohua},
	booktitle={Energy Conference (ENERGYCON), 2014 IEEE International},
	pages={949--953},
	year={2014},
	organization={IEEE},
	address={Dubrovnik}
}

@misc{Paredes2012,
	author = {Helmo K. Morales Paredes},
	title = {Eletr\^onica de Pot\^encia para Gera\c{c}\~ao, Transmiss\~ao e Distribui\c{c}\~ao de Energia El\'etrica},
	subtitle = {T\'opicos em Teorias de pot\^encia em condi\c{c}\~oes n\~ao ideais de opera\c{c}\~ao},
	url = {http://www.dsce.fee.unicamp.br/~antenor/pdffiles/it744/CAP6.pdf},
	note={Acessado em 24/06/2016}
}

@article{Watanabe1991,
	title={Pot{\^e}ncia ativa e reativa instant{\^a}neas em sistemas el{\'e}tricos com fontes e cargas gen{\'e}ricas},
	author={Watanabe, EH and Stephan, RM},
	journal={Revista da SBA: Controle e Automa{\c{c}}{\~a}o},
	volume={3},
	number={1},
	year={1991}
}

@book{Trzynadlowski2015,
	title={Introduction to Modern Power Electronics},
	author={Trzynadlowski, Andrzej M},
	year={2015},
	edition={Third Edition},
	address={New Jersey},
	publisher={John Wiley \& Sons}
}

@article{Watanabe1993,
	title={New Concepts of Instantaneous Active and Reactive Power in Electrical Systems with Generic Loads},
	author={Watanabe, Edson H and Stephan, Richard M and Aredes, Mauricio},
	journal={IEEE Transactions on Power Delivery},
	volume={8},
	number={2},
	pages={697--703},
	year={1993},
	publisher={IEEE}
}

@misc{Olivier,
	author = {Olivier Tremblay, Louis-A. Dessaint},
	title = {Aircraft Electrical Power Generation and Distribution}, 
	address = {Montreal},
	url={https://www.mathworks.com/help/physmod/sps/examples/aircraft-electrical-power-generation-and-distribution.html},
	note={Acessado em 14/10/2016},
	publisher = {Ecole de Technologie Superieure}
}

@article{IEEE,
	journal={IEEE Std 421.5-1992},
	title={IEEE Recommended Practice for Excitation System Models for Power System Stability Studies},
	year={1992},
	doi={10.1109/IEEESTD.1992.106975},
	month={August}
}

@manual{MILSTD,
	title={MIL-STD 704F, Aircraft Electric Power Characteristics},
	organization={Department of Defence Interface Standard},
	year={2004}	
}